
@phdthesis{HMPP,
 author = {Ibrahim, Khaled Z.},
 title = {Write Once Deploy Many-(Cores) How to Survive the Many-Core Revolution},
 year = {2012},
 school = {HMPP Competence Center},
 }

@phdthesis{TORCH,
 author = {Alex Kaiser and Samuel Williams and Kamesh Madduri and Khaled Ibrahim and David H. Bailey and James W. Demmel and Erich Strohmaier},
 title = {TORCH - Computational Reference Kernels: A Testbed for Computer Science Research},
 year = {2010},
 school = {2nd USENIX Workshop on Hot Topics in Parallelism}
 }

@phdthesis{ALCF-2,
 author = {WM Tang and S Ethier and B Wang and TJ Williams and KZ Ibrahim and K Madduri and S. Williams and L. Oliker},
 title = {Global Simulation of Plasma Microturbulence at the Petascale \& Beyond (Optimizing the GTC Code for Blue Gene/Q)},
 year = {2011},
 school = {ALCF-2 Early Science Program Technical Report Argonne National Laboratory (ANL)}
 }





